% Cited sources go into this document. You can obtain the right format from google scholar.

@book{tomczak2022deep,
  title={Deep Generative Modeling},
  author={Tomczak, Jakub M},
  publisher={Springer Nature},
  year={2022}
}